@misc{example-citation,
  author = {Tullio Facchinetti},
  title = {How to write a thesis in LaTeX},
  note = {\url{http://robot.unipv.it/toolleeo}, Last Access 2021.06.21},
  year = {2021}
}

@article{itti1998model,
  author    = {Itti, Laurent and Koch, Christof and Niebur, Ernst},
  title     = {A Model of Saliency-Based Visual Attention for Rapid Scene Analysis},
  journal   = {IEEE Transactions on Pattern Analysis and Machine Intelligence},
  year      = {1998},
  volume    = {20},
  number    = {11},
  pages     = {1254-1259},
  doi       = {10.1109/34.730558}
}

@book{example_key,
  author    = {Author, A. N.},
  title     = {Title of The Work},
  publisher = {Publisher},
  year      = {2023}
}

@article{kummerer2023predicting,
  title={Predicting Visual Fixations},
  author={K{"u}mmerer, Matthias and Bethge, Matthias},
  journal={Annual Review of Vision Science},
  volume={9},
  pages={269--291},
  year={2023},
  publisher={Annual Reviews}
}

@article{kummerer2022deepgaze,
  title={DeepGaze III: Modeling free-viewing human scanpaths with deep learning},
  author={K{"u}mmerer, Matthias and Bethge, Matthias and Wallis, Thomas SA},
  journal={Journal of Vision},
  volume={22},
  number={5},
  pages={7--7},
  year={2022},
  publisher={The Association for Research in Vision and Ophthalmology}
}
