@book{example_key,
  author    = {Author, A. N.},
  title     = {Title of The Work},
  publisher = {Publisher},
  year      = {2023}
}